@misc{oststein2013,
 author  = {Gemeinde Oststeinbek},
 title   = {Kindertagesst"atte Oststeinbek},
 url   = {http://www.oststeinbek.de/oeffentl-einrichtungen-soziales/kindergaerten/kindertagesstaette-oststeinbek.html },
 note    = {gesehen am: 9.08.2013 11:19}
}

@misc{elbkind2013,
 author  = {Dr. Franziska Larrá, Dr. Katja Nienaber},
 title   = {Kita-Leitungen},
 url   = {http://www.elbkinder-kitas.de/de/karriere/ihre_qualifikationen/kita_leitungen/},
 note    = {gesehen am: 17.08.2013 12:40}
}


@book{SGBVIII2012,
 AUTHOR = {Horst Marburger},
 YEAR = {2012},
 TITLE = {SGB VIII Kinder- und Jugendhilfe},
 ISBN = {978-3-8029-7382-6},
 PUBLISHER = {Walhalla Fachverlag},
 ADDRESS = {Regensburg}
edition= {7}
pages= {24f,26,}
}

@misc{KiTaG2013,
  author  = {Landesregierung Schleswig-Holstein},
  title   = {Gesetz zur F"orderung von Kindern in Tageseinrichtungen und Tagespflegestellen (Kindertagesst"attengesetz - KiTaG) Vom 12.12.1991},
  url   = {http://www.gesetze-rechtsprechung.sh.juris.de/jportal/?quelle=jlink&query=KTagStG+SH&psml=bsshoprod.psml&max=true&aiz=true},
  note    = {gesehen am: 19.08.2013 12:24}
}

@misc{KiTaVO2013,
  author  = {Landesregierung Schleswig-Holstein},
  title   = {Landesverordnung "uber Mindestanforderungen f"ur den Betrieb von Kindertageseinrichtungen und f"ur die Leistungen der Kindertagespflege (Kindertagesst"atten- und-tagespflegeverordnung - KiTaVO)
  Vom 13. November 1992},
  url   = {http://www.gesetze-rechtsprechung.sh.juris.de/jportal/?quelle=jlink&query=KTMVEinrV+SH&psml=bsshoprod.psml&max=true},
  note    = {gesehen am: 19.08.2013 12:30}
}

@misc{JugendhR2013,
  author  = {Ministerium f"ur Soziales, Gesundheit, Familie und Gleichstellung Schleswig-Holstein},
  title   = {Jugendhilfe-Rahmenvertrag},
  url   = {http://www.schleswig-holstein.de/MSGFG/DE/KinderJugendFamilie/Landesjugendamt/Rahmenvertrag/JuHiRahmenvertrag_node.html},
  note    = {gesehen am: 18.08.2013 13:00}
}

@book{Kompet2011,
  AUTHOR = {Klaus Fr"ohlich-Gildhoff,Iris Nentwig-Gesemann, Stefanie Pietsch},
  YEAR = {2011},
  TITLE = {Kompetenzorientierung in der Qualifizierung fr"uhp"adagogischer Fachkr"afte},
  ISBN = {978-3-86379-031-8},
  PUBLISHER = {Deutsches Jugendinstitut e.V. (DJI)},
  ADDRESS = {M"unchen},
  pages= {15,17f,}
}


@book{Fuhr2012,
  AUTHOR = {Thomas Daigeler, Wolfgang Kr"uger},
  YEAR = {2012},
  TITLE = {F"uhren},
  ISBN = {978-3-6480-2887-2},
  PUBLISHER = {Haufe-Lexware},
  ADDRESS = {Freiburg},
  pages= {11,12,13}
}


@misc{Trager2013,
  author  = {Staatsinstitut f"ur Fr"uhp"adagogik},
  title   = {Tr"ager zeigen Proﬁl Instrument zur Selbstevaluation f"ur Tr"ager im System der Kindertageseinrichtungen},
  url   = {http://www.ifp.bayern.de/imperia/md/content/stmas/ifp/traeger_profil_papierversion.pdf},
  note    = {gesehen am: 20.08.2013 14:28}
}

@misc{Wochen2013,
  author  = {g"ub},
  title   = {Kindergarten spendet f"ur Afrika},
  url     = {http://www.hamburger-wochenblatt.de/billstedt/lokales/kindergarten-spendet-fuer-afrika-d10736.html},
  note    = {gesehen am: 21.08.2013 14:28}
}"a