@book{Empirisch2012,
  AUTHOR = {Irene Dittrich},
  YEAR = {2012},
  TITLE = {Kinder in den ersten drei Lebensjahren-- eine empirische Analyse der Umweltbedingungen, ihrer Identit"at und Bildungsergebnisse auf der Grundlage des Sozio--oekonomischen Panels},
  ISBN = {9783779924340},
  PUBLISHER = {Beltz Juventa},
  ADDRESS = {Weinheim,Basel},
  edition= {1}
}

@book{Erikson1991,
  AUTHOR = {IErik H. Erikson},
  YEAR = {1991},
  TITLE = {Kindheit und Gesellschaft},
  ISBN = {9783608942125},
  PUBLISHER = {Klett-Kotta},
  ADDRESS = {Stuttgart},
  edition= {10},
  pages = {256}
}

@book{EIdentitaet2005,
  AUTHOR = {Urs Fuhrer, Hanns Martin Trautner},
  YEAR = {2005},
  TITLE = {Entwicklung von Identit"at},
  BOOKTITLE= {Enzyklop"adie der Psychologie-- Soziale, emotionale und Persönlichkeitsentwicklung}, 
  ISBN = {9783801705886},
  PUBLISHER = {Hogrefe Verlag für Psychologie},
  ADDRESS = {G"ottingen},
  edition= {1},
  pages = {340}
}

@book{Vonoderzum2000,
  AUTHOR = {Ellen Frieben--Blum, Klaudia Jacobs},
  YEAR = {2000},
  TITLE = {Vom Oder zum Und: Individueller und gesellschaftlicher Raum zur Konstruktion von Bindestrich-- Identit"aten},
  BOOKTITLE= {Wer ist fremd? Ethnische Herkunft, Familie und Gesellschaft}, 
  ISBN = {3810025666},
  PUBLISHER = {Leske u. Budrich 2000},
  pages= {9-35}
}

@book{BasisF2013,
  AUTHOR = {Wolfgang Hantel--Quitmann},
  YEAR = {2013},
  TITLE = {Basiswissen Familienpsychologie-- Familien verstehen und helfen},
  ISBN = {978-3-608-94726-7},
  PUBLISHER = {Klett- Cotta},
  ADDRESS = {Stuttgart},
  edition= {1}
}

@book{Westafrika2003,
  AUTHOR = {Ulrike Kéré},
  YEAR = {2003},
  TITLE = {Informationen f"ur binationale Paare, Westafrika: Burkina Faso, Cote d'Ivoire, Gambia, Ghana, Nigeria, Senegal, Togo},
  ISBN = {9783860992081},
  PUBLISHER = {Brandes und Apsel Verlag},
  ADDRESS = {Frankfurt a. M.},
  edition= {2}
}

@book{IdentiuIndiv2012,
  AUTHOR = {Heiner Keupp},
  YEAR = {2012},
  TITLE = {Identit"at und Individualisierung-- Riskante Chancen zwischen selbstsorge und Zonen der Verwundbarkeit-- sozialpsychologische Perspektiven},
  BOOKTITLE= {Identit"at- ein Kernthema moderner Psychotherapie- interdisziplin"are Perspektiven}, 
  ISBN = {9783531176932},
  PUBLISHER = {VS Verlag für Sozialwissenschaften},
  ADDRESS = {Wiesbaden},
  edition= {1}
}


@book{Patchwork1999,
  AUTHOR = {Heiner Keuper, Thomas Ahbe, Wolfgang Gm"ur, Renate H"ofer, Beate Mitzscherlich, Wolfgang Kraus, Florian Straus},
  YEAR = {1999},
  TITLE = {Identit"atskonstruktionen- Das Patchwork der Identit"aten in der Sp"atmoderne},
  ISBN = { 9783499556340},
  PUBLISHER = {Rowohlts Enzyklop"adie},
  ADDRESS = {Reinbek bei Hamburg},
  edition= {1}
}



@book{Parentaleethno2012,
  AUTHOR = {Astrid Kleis},
  YEAR = {2012},
  TITLE = {Parentale ethnotheorien in bikulturellen Familien-- Ressource oder Konfliktpotential?! Eine qualitative Vergleichsuntersuchung mono- und bikultureller Familen deutscher und westafrikanischer Herkunft},
  ISBN = {9783935431231},
  PUBLISHER = {Sozio- Publishing},
  ADDRESS = {Osnabrück},
  edition = {1},
  pages = {12, 66f, 77, 100f,195-199,229ff,245ff,283,409ff, 416ff, 419 ,442ff}
}

@book{BinatFam2000,
  AUTHOR = {Pascal M. Khounani},
  YEAR = {2000},
  TITLE = {Binationale Familien in Deutschland und die Erziehung der Kinder-- Eine Vergleichsuntersuchung zur famili"aren Erziehungssituation in mono-- und bikulturellen Familien im Hinblick auf multikulturelle Handlungsf"ahigkeit},
  ISBN = {9783631358801},
  PUBLISHER = {Peter Lang Europ"aischer Verlag der Wissenschaften},
  ADDRESS = {Frankfurt am Main, Berlin, Bern, Bruxelles, New York, Wien},
  edition= {1}
}

@book{Wogehoere2005,
  AUTHOR = {Juliane U. Okuesa},
  YEAR = {2005},
  TITLE = {Wo geh"ore ich hin? Wo geh"ore ich weg?},
  BOOKTITLE= {Sichtbar anders- aus dem Leben afrodeutscher Kinder und Jugentlicher}, 
  ISBN = {3860998218},
  PUBLISHER = {VS Verlag für Sozialwissenschaften},
  ADDRESS = {Brandes und Apsel Verlag GmbH},
  edition = {1},
  pages = {26,27,35}
}

@book{Duele2009,
  AUTHOR = {Daniela Ruhs},
  YEAR = {2009},
  TITLE = {Duale Identit"at-- Konsequenzen und Antezedenzien im Kontext gesellschaftlicher Partizipation},
  ISBN = {9783830041344},
  PUBLISHER = {Verlag Dr. Kovac},
  ADDRESS = {Hamburg},
  edition= {1}
}



@book{BinichD2009,
  AUTHOR = {Yi- Me Schwantes},
  YEAR = {2009},
  TITLE = {Bin ich Deutsche/r oder Taiwaner/in?-- Eine Studie zur kulturellen Identit"at von Kindern aus deutsch-- taiwanesischen Familien},
  ISBN = {9783830922124},
  PUBLISHER = {Waxmann Verlag},
  ADDRESS = {Münster/ New York/ München/ Berlin},
  edition= {1}
}

@book{LebensbiD2007,
  AUTHOR = {Sonja Seyede-Ghassemi},
  YEAR = {2007},
  TITLE = {Lebens-- und bildungssituation bikultureller Kinder und Jugendlicher in Osterreich --- Eine empirische Analyse mittels Mikrozensus Pisa und gef"uhrten Interviews},
  SCHOOL = {Universität Wien},
  PUBLISHER = {Universität Wien},
  ADDRESS = {Wien}
}

@book{Entwickl2011,
  AUTHOR = {Robert Siegler, Judy DeLoache, Nancy Eisenberg},
  YEAR = {2011},
  TITLE = {Entwicklungspsychologie im Kindes-- und Jugendalter},
  ISBN = {9783827428783},
  PUBLISHER = {Spektrum akademischer Verlag},
  ADDRESS = {Heidelberg},
  edition= {3}
}


@book{Sprache2010,
  AUTHOR = {Cornelia Spohn},
  YEAR = {2010},
  TITLE = {In mehr als einer Sprache kommunizieren-- den eigenen Horizont erweitern. In: Verband binationaler Familien und Partnerschaften},
  BOOKTITLE = {Wie Kinder mehrsprachig aufwachsen-- Ein Ratgeber},
  ISBN = {9783860991947},
  PUBLISHER = {Brandes und Apsel Verlag},
  ADDRESS = {Frankfurt am Main},
  edition= {6}
}

@book{LexP2007,
  AUTHOR = {Heinz-Elmar Tenorth, Rudolf Trippelt},
  YEAR = {2007},
  TITLE = {Lexikon P"adagogik},
  ISBN = {9783407859549},
  PUBLISHER = {Beltz Verlag},
  ADDRESS = {Weinheim/ Basel},
  edition= {1}
}

@book{BiMosaik2000,
  AUTHOR = {Brigitte Wießmeier},
  YEAR = {2000},
  TITLE = {Bikulturalit"at-- ein Mosaikstein kindlicher Identit"at? Eine Fallstudie aus Berlin},
  PUBLISHER = {Berliner Forum Gewaltpr"avention  Sondernummer 3 (FfG Nr. 5) - Veröffentlichungen im Jahr 2001},
  ADDRESS = {Berlin},
  pages = {6,7}
}

@book{Schwarze2011,
  AUTHOR = {Annette Mbombi},
  YEAR = {2012},
  TITLE = {Schwarze Deutsche und ihre sozialen Identit"aten},
  ISBN = {9783869556024},
  PUBLISHER = {Cuvillier Verlag},
  ADDRESS = {Göttingen},
  edition= {1},
  pages= {23, 24,35f,44,46f,120}
}

@book{Rassen2000,
  AUTHOR = {Ilan Katz},
  YEAR = {2000},
  TITLE = {Rassenidentit"at in gemischten Familien},
  BOOKTITLE= {Wer ist fremd? Ethnische Herkunft, Familie und Gesellschaft}, 
  ISBN = {3810025666},
  PUBLISHER = {Leske u. Budrich 2000},
  pages= {129f}
}

@book{Duschwarz2000,
  AUTHOR = {Josylyn Segal},
  YEAR = {2000},
  TITLE = {Du siehst weder schwarz noch j"udisch aus},
  BOOKTITLE= {Wer ist fremd? Ethnische Herkunft, Familie und Gesellschaft}, 
  ISBN = {3810025666},
  PUBLISHER = {Leske u. Budrich 2000},
  pages= {272}
}

@book{Farbe2006,
  AUTHOR = {Katharina Oguntoye, May Ayim/Opitz, Dagmar Schultz},
  YEAR = {(1986) 2006},
  TITLE = {Farbe bekennen Afro--deutsche Frauen auf den Spuren ihrer Geschichte},
  ISBN = {3936937486},
  PUBLISHER = {2006 Orlanda F},
  ADDRESS = {Berlin},
  edition = {3},
  pages= {19}
}

@book{Schwarzein2009,
  AUTHOR = {Hugues Blaise Feret Muanza Pokos},
  YEAR = {2009},
  TITLE = {Schwarzsein im Deutschsein? Zur Vorstellung vom Monovolk in bundesdeutschen Geschichtsschulb"uchern am Beispiel der Darstellung von Menschen mit schwarzer Hautfarbe},
  ISBN = {9783814221502},
  PUBLISHER = {BIS-Verlag},
  ADDRESS = {Oldenburg},
  edition= {1},
  pages = {9 ff,12,}
}

@book{Best2008,
  AUTHOR = {Timo Wandert},
  YEAR = {2008},
  TITLE = {Black European Studies -- Empirical Study of Attitudes towards Black People: Descriptive Data Documentation of Scales and Measures},
  institution = {Johannes Gutenberg Universität Mainz},
  pages = {14}
}

@book{Andere1994,
  AUTHOR = {Paul Mecheril,Thomas Teo},
  YEAR = {1994},
  TITLE = {Andere Deutsche. Zur Lebenssituation von Menschen mit mulitethnischer und multikultureller Herkunft},
  ISBN = {9783320018603},
  PUBLISHER = {Dietz Berlin},
  ADDRESS = {Berlin},
  edition= {1},
  pages = {62ff,156}
}

@book{Wiranderen2007,
  AUTHOR = {Elisabeth Beck-Gernsheim},
  YEAR = {2007},
  TITLE = {Wir und die Anderen},
  ISBN = {9783518458723},
  PUBLISHER = {Suhrkamp Verlag},
  ADDRESS = {Frankfurt am Main},
  edition= {1},
  pages = {112}
}


